@misc{jessup2012big,
  title={Big data and targeted advertising},
  author={Jessup, Paul},
  year={2012}
}
@misc{yap2011user,
  title={User profiling fears real but paranoia unnecessary},
  author={Yap, Jamie},
  year={2011}
}
@inproceedings{narayanan2008robust,
  title={Robust de-anonymization of large sparse datasets},
  author={Narayanan, Arvind and Shmatikov, Vitaly},
  booktitle={2008 IEEE Symposium on Security and Privacy (sp 2008)},
  pages={111--125},
  year={2008},
  organization={IEEE}
}
@misc{dworkdifferential,
  title={Differential Privacy, vol. 4052 (Jul 2006)},
  author={Dwork, C}
}
@article{prey2018nothing,
  title={Nothing personal: algorithmic individuation on music streaming platforms},
  author={Prey, Robert},
  journal={Media, Culture \& Society},
  volume={40},
  number={7},
  pages={1086--1100},
  year={2018},
  publisher={SAGE Publications Sage UK: London, England}
}
@article{raghunathan2005open,
  title={Open source versus closed source: software quality in monopoly and competitive markets},
  author={Raghunathan, Srinivasan and Prasad, Ashutosh and Mishra, Birendra K and Chang, Hsihui},
  journal={IEEE Transactions on Systems, Man, and Cybernetics-Part A: Systems and Humans},
  volume={35},
  number={6},
  pages={903--918},
  year={2005},
  publisher={IEEE}
}
